@inproceedings{Lin:2011:DHH:1978942.1979244,
 author = {Lin, Eric and Greenberg, Saul and Trotter, Eileah and Ma, David and Aycock, John},
 title = {Does Domain Highlighting Help People Identify Phishing Sites?},
 booktitle = {Proceedings of the SIGCHI Conference on Human Factors in Computing Systems},
 series = {CHI '11},
 year = {2011},
 isbn = {978-1-4503-0228-9},
 pages = {2075--2084},
 numpages = {10},
 url = {http://doi.acm.org/10.1145/1978942.1979244},
 doi = {10.1145/1978942.1979244},
 acmid = {1979244},
 publisher = {ACM},
 keywords = {domain name highlighting, phishing, usable security},
} 

@inproceedings{Jakobsson:2007:ITQ:1785594.1785639,
 author = {Jakobsson, Markus and Tsow, Alex and Shah, Ankur and Blevis, Eli and Lim, Youn-Kyung},
 title = {What Instills Trust? A Qualitative Study of Phishing},
 booktitle = {Proceedings of the 11th International Conference on Financial Cryptography and 1st International Conference on Usable Security},
 series = {FC'07/USEC'07},
 year = {2007},
 isbn = {3-540-77365-7, 978-3-540-77365-8},
 location = {Scarborough, Trinidad and Tobago},
 pages = {356--361},
 numpages = {6},
 url = {http://dl.acm.org/citation.cfm?id=1785594.1785639},
 acmid = {1785639},
 publisher = {Springer-Verlag},
 address = {Berlin, Heidelberg},
 keywords = {authenticity, design, email, experiment, phishing, psychology, stimuli, think-aloud, user interface design, web pages},
} 

@article{Jagatic:2007:SP:1290958.1290968,
 author = {Jagatic, Tom N. and Johnson, Nathaniel A. and Jakobsson, Markus and Menczer, Filippo},
 title = {Social Phishing},
 journal = {Commun. ACM},
 issue_date = {October 2007},
 volume = {50},
 number = {10},
 month = oct,
 year = {2007},
 issn = {0001-0782},
 pages = {94--100},
 numpages = {7},
 url = {http://doi.acm.org/10.1145/1290958.1290968},
 doi = {10.1145/1290958.1290968},
 acmid = {1290968},
 publisher = {ACM},
 address = {New York, NY, USA},
} 

@inproceedings{Fogg:2001:MWS:365024.365037,
 author = {Fogg, B. J. and Marshall, Jonathan and Laraki, Othman and Osipovich, Alex and Varma, Chris and Fang, Nicholas and Paul, Jyoti and Rangnekar, Akshay and Shon, John and Swani, Preeti and Treinen, Marissa},
 title = {What Makes Web Sites Credible?: A Report on a Large Quantitative Study},
 booktitle = {Proceedings of the SIGCHI Conference on Human Factors in Computing Systems},
 series = {CHI '01},
 year = {2001},
 isbn = {1-58113-327-8},
 location = {Seattle, Washington, USA},
 pages = {61--68},
 numpages = {8},
 url = {http://doi.acm.org/10.1145/365024.365037},
 doi = {10.1145/365024.365037},
 acmid = {365037},
 publisher = {ACM},
 address = {New York, NY, USA},
 keywords = {Web design, World Wide Web, captology, credibility, expertise, online research, trustworthiness, usability},
} 

@article{morton1967singular,
  title={A singular lack of incidental learning},
  author={Morton, J},
  year={1967},
  publisher={Nature Publishing Group}
}

@inproceedings{whitten1999johnny,
  title={Why Johnny canâ€™t encrypt: A usability evaluation of PGP 5.0},
  author={Whitten, Alma and Tygar, J Doug},
  booktitle={Proceedings of the 8th USENIX Security Symposium},
  volume={99},
  pages={16},
  year={1999},
  organization={McGraw-Hill}
}

@article{kumaraguru2010teaching,
  title={Teaching Johnny not to fall for phish},
  author={Kumaraguru, Ponnurangam and Sheng, Steve and Acquisti, Alessandro and Cranor, Lorrie Faith and Hong, Jason},
  journal={ACM Transactions on Internet Technology (TOIT)},
  volume={10},
  number={2},
  pages={7},
  year={2010},
  publisher={ACM}
}