@inproceedings{Starbird:2011:VSD:1978942.1979102,
 author = {Starbird, Kate and Palen, Leysia},
 title = {"Voluntweeters": Self-organizing by Digital Volunteers in Times of Crisis},
 booktitle = {Proceedings of the SIGCHI Conference on Human Factors in Computing Systems},
 series = {CHI '11},
 year = {2011},
 isbn = {978-1-4503-0228-9},
 location = {Vancouver, BC, Canada},
 pages = {1071--1080},
 numpages = {10},
 url = {http://doi.acm.org/10.1145/1978942.1979102},
 doi = {10.1145/1978942.1979102},
 acmid = {1979102},
 publisher = {ACM},
 address = {New York, NY, USA},
 keywords = {computer-mediated communication, crisis informatics, crowdsourcing, disaster, emergency, microblogging, organizing, risk communication, self-organizing, volunteers},
} 

@book{kreps1994organizing,
  title={Organizing, role enactment, and disaster: A structural theory},
  author={Kreps, Gary A and Bosworth, Susan Lovegren},
  year={1994},
  publisher={University of Delaware Press}
}

@inproceedings{mendoza2010twitter,
  title={Twitter under crisis: can we trust what we RT?},
  author={Mendoza, Marcelo and Poblete, Barbara and Castillo, Carlos},
  booktitle={Proceedings of the first workshop on social media analytics},
  pages={71--79},
  year={2010},
  organization={ACM}
}